@article{rafihiinpress,
  title={Acceptance and Commitment Therapy Versus Cognitive Behavioral Therapy for Insomnia: A Randomized-Controlled-Trial},
  author={Renatha El Rafihi-Ferreira and Rosa Hasan and Andrea Cecilia Toscanini and Ila Marques Porto Linares and Daniel Suzuki Borges and Israel P Brasil and Marwin Carmo and Francisco Lotufo Neto and Charles Morin },
  journal={Journal of Consulting and Clinical Psychology},
  year="in press"
}

@article{rafihi2023,
author = {Renatha El Rafihi-Ferreira and Charles M Morin and Rosa Hasan and Israel S Brasil and José Humberto Zago Ribeiro Júnior and Andrea Cecília Toscanini},
title = {A Pilot Randomized Controlled Trial (RCT) of Acceptance and Commitment Therapy Versus Cognitive Behavioral Therapy for Chronic Insomnia},
journal = {Behavioral Sleep Medicine},
volume = {21},
number = {2},
pages = {193--207},
year = {2023},
publisher = {Taylor \& Francis},
doi = {10.1080/15402002.2022.2071272},

}

@article{el2020acceptance,
  title={Acceptance and commitment therapy-based behavioral intervention for insomnia: a pilot randomized controlled trial},
  author={El Rafihi-Ferreira, Renatha and Morin, Charles M and Toscanini, Andrea C and Lotufo, Francisco and Brasil, Israel S and Gallinaro, Jo{\~a}o G and Borges, Daniel Suzuki and Conway, Silvia G and Hasan, Rosa},
  journal={Brazilian Journal of Psychiatry},
  volume={43},
  number={5},
  pages={504--509},
  year={2020},
  publisher={SciELO Brasil},
  doi={10.1590/1516-4446-2020-0947}
}
