@Manual{R-base,
  title = {R: A Language and Environment for Statistical Computing},
  author = {{R Core Team}},
  organization = {R Foundation for Statistical Computing},
  address = {Vienna, Austria},
  year = {2022},
  url = {https://www.R-project.org/},
}
@Manual{R-papaja,
  author = {Frederik Aust and Marius Barth},
  title = {{papaja}: {Create} {APA} manuscripts with {R Markdown}},
  year = {2020},
  note = {R package version 0.1.0.9942},
  url = {https://github.com/crsh/papaja},
}
@Article{morin1993,
  title = {Dysfunctional Beliefs and Attitudes about Sleep among Older Adults with and without Insomnia Complaints},
  author = {C. M. Morin and J. Stone and D. Trinkle and J. Mercer and S. Remsberg},
  date = {1993-09},
  journaltitle = {Psychology and Aging},
  shortjournal = {Psychol Aging},
  volume = {8},
  number = {3},
  eprint = {8216967},
  eprinttype = {pmid},
  pages = {463--467},
  issn = {0882-7974},
  doi = {10/frwwvp},
  langid = {english},
  keywords = {Aged,Attitude to Health,Female,Humans,Male,Middle Aged,Sleep},
  file = {G\:\\Documentos\\Zotero\\storage\\HZRN7NJG\\Morin et al. - 1993 - Dysfunctional beliefs and attitudes about sleep am.pdf},
}
@Manual{R-usethis,
  title = {usethis: Automate Package and Project Setup},
  author = {Hadley Wickham and Jennifer Bryan and Malcolm Barrett},
  year = {2021},
  note = {R package version 2.1.5},
  url = {https://CRAN.R-project.org/package=usethis},
}
@Manual{R-tinylabels,
  title = {{tinylabels}: Lightweight Variable Labels},
  author = {Marius Barth},
  year = {2022},
  note = {R package version 0.2.3},
  url = {https://cran.r-project.org/package=tinylabels},
}

@Manual{semtools,
    title = {\texttt{semTools}: {U}seful tools for structural equation modeling},
    author = {Terrence D. Jorgensen and Sunthud Pornprasertmanit and Alexander M. Schoemann and Yves Rosseel},
    year = {2021},
    note = {R package version 0.5-6},
    url = {https://CRAN.R-project.org/package=semTools},
  }