@article{franconeri,
  title={The science of visual data communication: What works},
  author={Franconeri, Steven L and Padilla, Lace M and Shah, Priti and Zacks, Jeffrey M and Hullman, Jessica},
  journal={Psychological Science in the public interest},
  volume={22},
  number={3},
  pages={110--161},
  year={2021},
  doi={10.1177/15291006211051956},
  publisher={Sage Publications Sage CA: Los Angeles, CA}
}

@online{kazakova,
  title = {The Psychology behind Data Visualization Techniques},
  author = {Kazakova, Elena V},
  date = {2021-03-31},
  url = {https://towardsdatascience.com/the-psychology-behind-data-visualization-techniques-68ef12865720/?gi=5d2882f99276},
  urldate = {2021-03-31}
}

@book{wilke,
  title={Fundamentals of data visualization: a primer on making informative and compelling figures},
  author={Wilke, Claus O},
  year={2019},
  publisher={O'Reilly Media}
}
