@Manual{R-base,
  title = {R: A Language and Environment for Statistical Computing},
  author = {{R Core Team}},
  organization = {R Foundation for Statistical Computing},
  address = {Vienna, Austria},
  year = {2025},
  url = {https://www.R-project.org/},
}
@Manual{R-papaja,
  title = {{papaja}: {Prepare} reproducible {APA} journal articles with {R Markdown}},
  author = {Frederik Aust and Marius Barth},
  year = {2024},
  note = {R package version 0.1.3},
  url = {https://github.com/crsh/papaja},
  doi = {10.32614/CRAN.package.papaja},
}
@Manual{R-tinylabels,
  title = {{tinylabels}: Lightweight variable labels},
  author = {Marius Barth},
  year = {2025},
  note = {R package version 0.2.5},
  url = {https://cran.r-project.org/package=tinylabels},
  doi = {10.32614/CRAN.package.tinylabels},
}

@article{Morin_2023, title={World sleep society international sleep medicine guidelines position statement endorsement of “behavioral and psychological treatments for chronic insomnia disorder in adults: An American Academy of sleep medicine clinical practice guidelines”}, volume={109}, ISSN={1389-9457}, url={http://dx.doi.org/10.1016/j.sleep.2023.07.001}, DOI={10.1016/j.sleep.2023.07.001}, journal={Sleep Medicine}, publisher={Elsevier BV}, author={Morin, Charles M. and Bei, Bei and Bjorvatn, Bjørn and Poyares, Dalva and Spiegelhalder, Kai and Wing, Yun Kwok}, year={2023}, month=sep, pages={164–169} }
 
 @article{Wu_2015, title={Cognitive Behavioral Therapy for Insomnia Comorbid With Psychiatric and Medical Conditions: A Meta-analysis}, volume={175}, ISSN={2168-6106}, url={http://dx.doi.org/10.1001/jamainternmed.2015.3006}, DOI={10.1001/jamainternmed.2015.3006}, number={9}, journal={JAMA Internal Medicine}, publisher={American Medical Association (AMA)}, author={Wu, Jade Q. and Appleman, Erica R. and Salazar, Robert D. and Ong, Jason C.}, year={2015}, month=sep, pages={1461} }

 @article{Harvey_2003, title={Cognitive behaviour therapy for primary insomnia: Can we rest yet?}, volume={7}, ISSN={1087-0792}, url={http://dx.doi.org/10.1053/smrv.2002.0266}, DOI={10.1053/smrv.2002.0266}, number={3}, journal={Sleep Medicine Reviews}, publisher={Elsevier BV}, author={Harvey, Allison G and Tang, Nicole K.Y}, year={2003}, month=jun, pages={237–262} }

@article{hayes1999,
  title={Acceptance and commitment therapy: an experimental approach to behavior change. Guilford},
  author={Hayes, SC and Strosahl, KD and Wilson, KG},
  journal={New York},
  year={1999}
}

 @article{Chambless_1998, title={Defining empirically supported therapies.}, volume={66}, ISSN={0022-006X}, url={http://dx.doi.org/10.1037/0022-006X.66.1.7}, DOI={10.1037/0022-006x.66.1.7}, number={1}, journal={Journal of Consulting and Clinical Psychology}, publisher={American Psychological Association (APA)}, author={Chambless, Dianne L. and Hollon, Steven D.}, year={1998}, pages={7–18} }

 @article{Wickwire_2016, title={Health economics of insomnia treatments: The return on investment for a good night’s sleep}, volume={30}, ISSN={1087-0792}, url={http://dx.doi.org/10.1016/j.smrv.2015.11.004}, DOI={10.1016/j.smrv.2015.11.004}, journal={Sleep Medicine Reviews}, publisher={Elsevier BV}, author={Wickwire, Emerson M. and Shaya, Fadia T. and Scharf, Steven M.}, year={2016}, month=dec, pages={72–82} }

 @misc{Morin_1993, title={Insomnia Severity Index}, url={http://dx.doi.org/10.1037/t07115-000}, DOI={10.1037/t07115-000}, journal={PsycTESTS Dataset}, publisher={American Psychological Association (APA)}, author={Morin, Charles M.}, year={1993} }

 @article{Zigmond_1983, title={The Hospital Anxiety and Depression Scale}, volume={67}, ISSN={1600-0447}, url={http://dx.doi.org/10.1111/j.1600-0447.1983.tb09716.x}, DOI={10.1111/j.1600-0447.1983.tb09716.x}, number={6}, journal={Acta Psychiatrica Scandinavica}, publisher={Wiley}, author={Zigmond, A. S. and Snaith, R. P.}, year={1983}, month=jun, pages={361–370} }

 @article{Morin_2007, title={Dysfunctional Beliefs and Attitudes about Sleep (DBAS): Validation of a Brief Version (DBAS-16)}, volume={30}, ISSN={0161-8105}, url={http://dx.doi.org/10.1093/sleep/30.11.1547}, DOI={10.1093/sleep/30.11.1547}, number={11}, journal={Sleep}, publisher={Oxford University Press (OUP)}, author={Morin, Charles M. and Vallières, Annie and Ivers, Hans}, year={2007}, month=nov, pages={1547–1554} }

 @article{Bond_2011, title={Preliminary Psychometric Properties of the Acceptance and Action Questionnaire–II: A Revised Measure of Psychological Inflexibility and Experiential Avoidance}, volume={42}, ISSN={0005-7894}, url={http://dx.doi.org/10.1016/j.beth.2011.03.007}, DOI={10.1016/j.beth.2011.03.007}, number={4}, journal={Behavior Therapy}, publisher={Elsevier BV}, author={Bond, Frank W. and Hayes, Steven C. and Baer, Ruth A. and Carpenter, Kenneth M. and Guenole, Nigel and Orcutt, Holly K. and Waltz, Tom and Zettle, Robert D.}, year={2011}, month=dec, pages={676–688} }
